<?xml version="1.0" encoding="UTF-8" ?>
<collection xmlns:xsi="http://www.w3.org/2001/XMLSchema-instance"
    xsi:schemaLocation="http://www.loc.gov/MARC21/slim
        http://www.loc.gov/standards/marcxml/schema/MARC21slim.xsd"
    xmlns="http://www.loc.gov/MARC21/slim">
<record>
  <leader>00227nam a2200421 i 4500</leader>
  <controlfield tag="001">b17666338</controlfield>
  <controlfield tag="003">LeBAU</controlfield>
  <controlfield tag="005">20140915</controlfield>
  <controlfield tag="008">130211s1955    iq            000 p ara d</controlfield>
  <datafield tag="040" ind1=" " ind2=" ">
    <subfield code="a">LEAUB</subfield>
    <subfield code="b">ara</subfield>
    <subfield code="e">rda</subfield>
    <subfield code="c">LEAUB</subfield>
  </datafield>
  <datafield tag="082" ind1="0" ind2="4">
    <subfield code="a">892.78</subfield>
    <subfield code="2">23</subfield>
  </datafield>
  <datafield tag="100" ind1="1" ind2=" ">
    <subfield code="6">880-01</subfield>
    <subfield code="a">Āl Nūḥ, Kāẓim al-Shaykh Salmān,</subfield>
    <subfield code="e">author.</subfield>
  </datafield>
  <datafield tag="245" ind1="1" ind2="0">
    <subfield code="6">880-02</subfield>
    <subfield code="a">al-Dīwān fī Ahl al-Bayt :</subfield>
    <subfield code="b">awwal fuṣūlihi fī al-‘irfān wa-al-thānī fī mawlid al-Nabī (Ṣ) wa-mab‘ithihi wa-wafātihi wa-mawlid ‘Alī ibn Abī Ṭālib Amīr al-Mu’minīn wa-mawāqifihi fī ‘aṣr al-Nabī (Ṣ) wa-qaḍīyat al-Ghadīr wa-rithā’ih wa-rithā’ abnā’ih ‘alayhim al-salām /</subfield>
    <subfield code="c">nāẓimihi al-Khaṭīb Kāẓim Āl Nūḥ.</subfield>
  </datafield>
  <datafield tag="264" ind1=" " ind2="1">
    <subfield code="6">880-03</subfield>
    <subfield code="a">Baghdād :</subfield>
    <subfield code="b">Maṭba‘at al-Ma‘ārif,</subfield>
    <subfield code="c">1375 H. = 1955 M.</subfield>
  </datafield>
  <datafield tag="300" ind1=" " ind2=" ">
    <subfield code="6">880-04</subfield>
    <subfield code="a">272 pages ;</subfield>
    <subfield code="c">24 cm</subfield>
  </datafield>
  <datafield tag="336" ind1=" " ind2=" ">
    <subfield code="a">text</subfield>
    <subfield code="b">txt</subfield>
    <subfield code="2">rdacontent</subfield>
  </datafield>
  <datafield tag="337" ind1=" " ind2=" ">
    <subfield code="a">unmediated</subfield>
    <subfield code="b">n</subfield>
    <subfield code="2">rdamedia</subfield>
  </datafield>
  <datafield tag="338" ind1=" " ind2=" ">
    <subfield code="a">volume</subfield>
    <subfield code="b">nc</subfield>
    <subfield code="2">rdacarrier</subfield>
  </datafield>
  <datafield tag="500" ind1=" " ind2=" ">
    <subfield code="a">"إن هذا الديوان وقف لا يباع ويوزع  على أهل المنابر وغيرهم مجانا؛ طبع  على نفقة خير الحاج حاج داود الوقار."</subfield>
  </datafield>
  <datafield tag="600" ind1="0" ind2="4">
    <subfield code="a">محمد،</subfield>
    <subfield code="c">النبي،</subfield>
    <subfield code="d">571-633</subfield>
    <subfield code="v">شعر.</subfield>
  </datafield>
  <datafield tag="600" ind1="0" ind2="4">
    <subfield code="a">علي بن أبي طالب،</subfield>
    <subfield code="d">600-661</subfield>
    <subfield code="v">شعر.</subfield>
  </datafield>
  <datafield tag="600" ind1="0" ind2="4">
    <subfield code="a">محمد،</subfield>
    <subfield code="c">النبي،</subfield>
    <subfield code="d">571-633</subfield>
    <subfield code="x">العائلة</subfield>
    <subfield code="v">شعر.</subfield>
  </datafield>
  <datafield tag="600" ind1="0" ind2="0">
    <subfield code="a">Muhammad</subfield>
    <subfield code="c">Prophet,</subfield>
    <subfield code="d">571-633</subfield>
    <subfield code="v">Poetry.</subfield>
  </datafield>
  <datafield tag="600" ind1="0" ind2="0">
    <subfield code="a">ʻAlī ibn Abī Ṭālib,</subfield>
    <subfield code="c">Caliph,</subfield>
    <subfield code="d">approximately 600-661</subfield>
    <subfield code="v">Poetry.</subfield>
  </datafield>
  <datafield tag="600" ind1="0" ind2="0">
    <subfield code="a">Muhammad, Prophet,</subfield>
    <subfield code="d">-632</subfield>
    <subfield code="x">Family</subfield>
    <subfield code="v">Poetry.</subfield>
  </datafield>
  <datafield tag="650" ind1=" " ind2="4">
    <subfield code="a">شعر الرثاء العربي.</subfield>
  </datafield>
  <datafield tag="650" ind1=" " ind2="0">
    <subfield code="a">Elegiac poetry, Arabic.</subfield>
  </datafield>
  <datafield tag="655" ind1=" " ind2="4">
    <subfield code="a">شعر.</subfield>
  </datafield>
  <datafield tag="655" ind1=" " ind2="0">
    <subfield code="a">Poetry.</subfield>
  </datafield>
  <datafield tag="852" ind1=" " ind2=" ">
    <subfield code="a">Jafet Library</subfield>
    <subfield code="e">American University of Beirut, Bliss Street, Beirut, Lebanon.‎</subfield>
  </datafield>
  <datafield tag="880" ind1="1" ind2=" ">
    <subfield code="6">100-01/(3/r</subfield>
    <subfield code="a">آل نوح، كاظم الشيخ سلمان،</subfield>
    <subfield code="e">مؤلف. </subfield>
    <subfield code="4">aut.</subfield>
  </datafield>
  <datafield tag="880" ind1="1" ind2="0">
    <subfield code="6">245-02/(3/r</subfield>
    <subfield code="a">الديوان في أهل البيت :</subfield>
    <subfield code="b">أول فصوله في العرفان و الثاني في مولد النبي (ص) ومبعثه ووفاته ومولد علي بن أبي طالب أمير المؤمنين ومواقفه في الحروب في عصر النبي (ص) وقضية الغدير ورثائه ورثاء أبنائه عليهم السلام /</subfield>
    <subfield code="c">ناظمه الخطيب كاظم آل نوح.</subfield>
  </datafield>
  <datafield tag="880" ind1=" " ind2="1">
    <subfield code="6">264-03/(3/r</subfield>
    <subfield code="a">بغداد :</subfield>
    <subfield code="b">مطبعة المعارف،</subfield>
    <subfield code="c">1375 هـ. = 1955 م.</subfield>
  </datafield>
  <datafield tag="880" ind1=" " ind2=" ">
    <subfield code="6">300-04/(3/r</subfield>
    <subfield code="a">272 صفحة ؛</subfield>
    <subfield code="c">24 سم</subfield>
  </datafield>
  <datafield tag="907" ind1=" " ind2=" ">
    <subfield code="a">.b17666338</subfield>
    <subfield code="b">16-02-03</subfield>
    <subfield code="c">13-02-11</subfield>
  </datafield>
  <datafield tag="907" ind1=" " ind2=" ">
    <subfield code="a">.b17666338</subfield>
    <subfield code="b">15-10-30</subfield>
    <subfield code="c">13-02-11</subfield>
  </datafield>
  <datafield tag="945" ind1=" " ind2=" ">
    <subfield code="f">J</subfield>
    <subfield code="a">892.78:A968dA</subfield>
    <subfield code="g">1</subfield>
    <subfield code="i">00507853</subfield>
    <subfield code="j">.i19557139</subfield>
    <subfield code="l">u0503</subfield>
  </datafield>
  <datafield tag="998" ind1=" " ind2=" ">
    <subfield code="a">u05</subfield>
    <subfield code="b">14-08-26</subfield>
    <subfield code="c">m</subfield>
    <subfield code="d">a</subfield>
    <subfield code="e">-</subfield>
    <subfield code="f">ara</subfield>
    <subfield code="g">iq </subfield>
    <subfield code="h">0</subfield>
    <subfield code="i">0</subfield>
  </datafield>
</record>
</collection>
